<?xml version="1.0" encoding="UTF-8"?><collection xmlns="http://www.loc.gov/MARC21/slim"><record><leader>00593nam--2200181-i-4500</leader><controlfield tag="001">000032068</controlfield><controlfield tag="002">20161230</controlfield><controlfield tag="005">20161230201039</controlfield><controlfield tag="008">060222s1000------------r-----000-0-eng-d</controlfield><datafield ind1=" " ind2=" " tag="040"><subfield code="a">IFIN-HH</subfield></datafield><datafield ind1=" " ind2=" " tag="080"><subfield code="a">539.141:530.16:530.145</subfield></datafield><datafield ind1="1" ind2=" " tag="100"><subfield code="a">Schultz, T.D</subfield></datafield><datafield ind1="1" ind2="0" tag="245"><subfield code="a">Quantum field theory and the many-body problem</subfield><subfield code="b">The many-body problem. current research and reviews. vol.1</subfield><subfield code="c">T.d. schultz</subfield></datafield><datafield ind1=" " ind2=" " tag="260"><subfield code="a">New York</subfield><subfield code="b">Gordon And Breach</subfield><subfield code="c">1964</subfield></datafield><datafield ind1=" " ind2=" " tag="300"><subfield code="a">VIII + 150P</subfield></datafield><datafield ind1=" " ind2=" " tag="490"><subfield code="a">The Many-body Problem. Current Research And Reviews</subfield></datafield><datafield ind1=" " ind2=" " tag="852"><subfield code="a">19785</subfield><subfield code="c">539.141</subfield></datafield><datafield ind1=" " ind2=" " tag="CAT"><subfield code="a">Sys</subfield><subfield code="c">20120417</subfield><subfield code="h">154556</subfield></datafield></record></collection>